@inproceedings{DBLP:conf/pldi/VollmerKRS0N19,
  author    = {Michael Vollmer and
               Chaitanya Koparkar and
               Mike Rainey and
               Laith Sakka and
               Milind Kulkarni and
               Ryan R. Newton},
  editor    = {Kathryn S. McKinley and
               Kathleen Fisher},
  title     = {LoCal: a language for programs operating on serialized data},
  year      = {2019},
  booktitle = {Proceedings of the 40th {ACM} {SIGPLAN} Conference on Programming
               Language Design and Implementation, {PLDI} 2019, Phoenix, AZ, USA,
               June 22-26, 2019},
  pages     = {48--62},
  publisher = {{ACM}},
  url       = {https://doi.org/10.1145/3314221.3314631},
  doi       = {10.1145/3314221.3314631},
  timestamp = {Fri, 06 Mar 2020 09:49:18 +0100},
  biburl    = {https://dblp.org/rec/conf/pldi/VollmerKRS0N19.bib},
  bibsource = {dblp computer science bibliography, https://dblp.org}
}
@inproceedings{DBLP:conf/ifip2-1/AltenkirchM02,
  author    = {Thorsten Altenkirch and
               Conor McBride},
  title     = {Generic Programming within Dependently Typed Programming},
  booktitle = {Generic Programming, {IFIP} {TC2/WG2.1} Working Conference on Generic
               Programming, July 11-12, 2002, Dagstuhl, Germany},
  pages     = {1--20},
  year      = {2002},
  crossref  = {DBLP:conf/ifip2-1/2002},
  timestamp = {Wed, 26 Feb 2003 14:25:56 +0100},
  biburl    = {https://dblp.org/rec/bib/conf/ifip2-1/AltenkirchM02},
  bibsource = {dblp computer science bibliography, https://dblp.org}
}
@proceedings{DBLP:conf/ifip2-1/2002,
  editor    = {Jeremy Gibbons and
               Johan Jeuring},
  title     = {Generic Programming, {IFIP} {TC2/WG2.1} Working Conference on Generic
               Programming, July 11-12, 2002, Dagstuhl, Germany},
  series    = {{IFIP} Conference Proceedings},
  volume    = {243},
  publisher = {Kluwer},
  year      = {2003},
  isbn      = {1-4020-7374-7},
  timestamp = {Wed, 26 Feb 2003 14:25:56 +0100},
  biburl    = {https://dblp.org/rec/bib/conf/ifip2-1/2002},
  bibsource = {dblp computer science bibliography, https://dblp.org}
}
@article{DBLP:journals/jfp/McbrideP08,
  author    = {Conor McBride and
               Ross Paterson},
  title     = {Applicative programming with effects},
  journal   = {J. Funct. Program.},
  volume    = {18},
  number    = {1},
  pages     = {1--13},
  year      = {2008},
  url       = {https://doi.org/10.1017/S0956796807006326},
  doi       = {10.1017/S0956796807006326},
  timestamp = {Fri, 02 Nov 2018 09:31:48 +0100},
  biburl    = {https://dblp.org/rec/journals/jfp/McbrideP08.bib},
  bibsource = {dblp computer science bibliography, https://dblp.org}
}
